@article{CMS_experiment,
      author         = "Chatrchyan, S. and others",
      title          = "{The CMS experiment at the CERN LHC}",
      collaboration  = "CMS Collaboration",
      journal        = "JINST",
      volume         = "3",
      pages          = "S08004",
      doi            = "10.1088/1748-0221/3/08/S08004",
      year           = "2008",
      SLACcitation   = "%%CITATION = JINST,3,S08004;%%",
}

@techreport{CMS-PAS-TOP-12-019,
      title         = "{Measurement of missing transverse energy in top pair
                       events}",
      institution   = "CERN",
      collaboration = "CMS Collaboration",
      address       = "Geneva",
      number        = "CMS-PAS-TOP-12-019",
      year          = "2012",
}

@techreport{CMS-PAS-TOP-12-042,
      title         = "{Measurement of MET and other global distributions in top
                       pair events}",
      institution   = "CERN",
      collaboration = "CMS Collaboration",
      address       = "Geneva",
      number        = "CMS-PAS-TOP-12-042",
      year          = "2013",
}

@article{Sakuma_sketchup,
      author         = "Sakuma, Tai and McCauley, Thomas",
      title          = "{Detector and Event Visualization with SketchUp at the
                        CMS Experiment}",
      journal        = "J.Phys.Conf.Ser.",
      volume         = "513",
      pages          = "022032",
      doi            = "10.1088/1742-6596/513/2/022032",
      year           = "2014",
      eprint         = "1311.4942",
      archivePrefix  = "arXiv",
      primaryClass   = "physics.ins-det",
      reportNumber   = "CMS-CR-2013-379, CERN-CMS-CR-2013-379,
                        FERMILAB-CONF-13-592-CMS-WDRS",
      SLACcitation   = "%%CITATION = ARXIV:1311.4942;%%",
}

@book{CMS_TDR1,
	  author = {{The CMS Collaboration}},
	  title        = {CMS Physics: Technical Design Report Volume 1: Detector Performance and Software},
	  publisher    = "CERN",
	  collaboration = "CMS Collaboration",
	  address      = "Geneva, Switzerland",
	  series       = "Technical Design Report CMS",
	  year         = "2006"
}

@article{Palmonari:1260970,
      author        = "Palmonari, F M",
      title         = "{CMS Silicon Strip Tracker Commissioning and Preliminary
                       Performances}",
      journal       = "Nucl. Phys. B, Proc. Suppl.",
      number        = "1",
      volume        = "197",
      pages         = "121-124",
      year          = "2009",
}

@techreport{Butz:1497745,
      author        = "Butz, Erik Manuel",
      title         = "{Operation and Performance of the CMS Silicon Tracker}",
      institution   = "CERN",
      collaboration = "for the CMS Collaboration",
      address       = "Geneva",
      number        = "CMS-CR-2012-357",
      month         = "Nov",
      year          = "2012",
}


@article{Karancsi:2014ofa,
      author         = "Karancsi, JÃ¡nos",
      title          = "{Operational Experience with the CMS Pixel Detector}",
      booktitle      = "{Proceedings, 7th International Workshop on Semiconductor
                        Pixel Detectors for Particles and Imaging (PIXEL 2014)}",
      collaboration  = "CMS",
      journal        = "JINST",
      volume         = "10",
      year           = "2015",
      number         = "05",
      pages          = "C05016",
      doi            = "10.1088/1748-0221/10/05/C05016",
      eprint         = "1411.4185",
      archivePrefix  = "arXiv",
      primaryClass   = "physics.ins-det",
      SLACcitation   = "%%CITATION = ARXIV:1411.4185;%%"
}

@article{CMS_Tracking_Early_Results,
  title   = "CMS Tracking Performance Results from early LHC Operation",
  author  = "Christos Leonidopoulos and Collaboration, {The CMS}",
  year    = "2010",
  doi     = "10.1140/epjc/s10052-010-1491-3",
  volume  = "C70",
  pages   = "1165--1192",
  journal = "The European Physical Journal C - Particles and Fields",
}

@article{Commissioning_and_Performance_Strip_Tracker,
      author         = "Chatrchyan, S and others",
      title          = "{Commissioning and Performance of the CMS Silicon Strip
                        Tracker with Cosmic Ray Muons}",
      collaboration  = "CMS",
      journal        = "JINST",
      volume         = "5",
      pages          = "T03008",
      doi            = "10.1088/1748-0221/5/03/T03008",
      year           = "2010",
      eprint         = "0911.4996",
      archivePrefix  = "arXiv",
      primaryClass   = "physics.ins-det",
      reportNumber   = "CMS-CFT-09-002",
      SLACcitation   = "%%CITATION = ARXIV:0911.4996;%%",
}

@phdthesis{Corrin,
      author	= "Corrin, E P",
      title		= "Development of Digital Readout Electronics for the CMS Tracker",
	  school	= "Imperial College, London",
	  year		= "2002",
}

@article{Cryogenic_System_for_Superconducting_Solenoid,
      author         = "Delikaris, D. and Dauvergne, J.P. and Passardi, G. and
                        Lottin, J.C. and Lottin, J.P. and others",
      title          = "{The Cryogenic system for the superconducting solenoid
                        magnet of the CMS experiment}",
      year           = "1998",
      reportNumber   = "CERN-LHC-PROJECT-REPORT-165",
      SLACcitation   = "%%CITATION = CERN-LHC-PROJECT-REPORT-165 ETC.;%%",
}

@techreport{Technical_Proposal_Upgrade_of_CMS_Detector_through_2020,
      author        = "CMS Collaboration",
      title         = "{Technical proposal for the upgrade of the CMS detector
                       through 2020}",
      institution   = "CERN",
      address       = "Geneva",
      number        = "CERN-LHCC-2011-006. LHCC-P-004",
      month         = "Jun",
      year          = "2011",
}

@techreport{CMS_Silicon_Tracker_upgrade_for_HL-LHC,
      author        = "Mersi, Stefano",
      title         = "{CMS Silicon Tracker upgrade for HL-LHC}",
      institution   = "CERN",
      collaboration = "for the CMS Collaboration",
      address       = "Geneva",
      number        = "CMS-CR-2012-137",
      month         = "Jun",
      year          = "2012",
}

@article{Muon_tracking,
      author         = "Kim, Min Suk and others",
      title          = "{CMS reconstruction improvement for the muon tracking by
                        the RPC chambers}",
      collaboration  = "CMS",
      journal        = "PoS",
      volume         = "RPC2012",
      pages          = "045",
      doi            = "10.1088/1748-0221/8/03/T03001",
      year           = "2012",
      eprint         = "1209.2646",
      archivePrefix  = "arXiv",
      primaryClass   = "physics.ins-det",
      SLACcitation   = "%%CITATION = ARXIV:1209.2646;%%",
}

@article{ECAL_calibration_and_resolution_at_7TeV,
      author         = "Chatrchyan, Serguei and others",
      title          = "{Energy Calibration and Resolution of the CMS
                        Electromagnetic Calorimeter in $pp$ Collisions at
                        $\sqrt{s} = 7$ TeV}",
      collaboration  = "CMS",
      journal        = "JINST",
      volume         = "8",
      pages          = "P09009",
      doi            = "10.1088/1748-0221/8/09/P09009",
      year           = "2013",
      eprint         = "1306.2016",
      archivePrefix  = "arXiv",
      primaryClass   = "hep-ex",
      reportNumber   = "CMS-EGM-11-001, CERN-PH-EP-2013-097",
      SLACcitation   = "%%CITATION = ARXIV:1306.2016;%%",
}

@techreport{ECAL_frontend_monitoring,
      author        = "Arcidiacono, Roberta and Brett, Angela and Cavallari,
                       Francesca and David, Andr\'{e} and Eggert, Nicholas Scott
                       and Franzoni, Giovanni and Marone, Matteo and Musella,
                       Pasquale and Organtini, Giovanni and Rumerio, Paolo and
                       Thea, Alessandro and Vlassov, Evgueni",
      title         = "{ECAL Front-End Monitoring in the CMS experiment}",
      institution   = "CERN",
      collaboration = "for the CMS Collaboration",
      address       = "Geneva",
      number        = "CMS-CR-2009-181",
      month         = "Jul",
      year          = "2009",
}

@article{top_mass,
      author         = "The ATLAS collaboration",
      title          = "{Combination of ATLAS and CMS results on the mass of the
                        top-quark using up to 4.9 fb$^{-1}$ of $\sqrt{s}=7$ TeV
                        LHC data}",
      year           = "2013",
      reportNumber   = "ATLAS-CONF-2013-102, ATLAS-COM-CONF-2013-110",
      SLACcitation   = "%%CITATION = ATLAS-CONF-2013-102 ETC.;%%",
}

@techreport{Weiser:2006md,
      author        = "Weiser, Christian",
      title         = "{A Combined Secondary Vertex Based B-Tagging Algorithm in
                       CMS}",
      institution   = "CERN",
      address       = "Geneva",
      number        = "CMS-NOTE-2006-014",
      month         = "Jan",
      year          = "2006",
}

@article{Ferro:2012tg,
      author         = "Ferro, Cristina",
      title          = "{B-tagging in CMS}",
      journal        = "EPJ Web Conf.",
      volume         = "28",
      pages          = "12055",
      doi            = "10.1051/epjconf/20122812055",
      year           = "2012",
      eprint         = "1201.5292",
      archivePrefix  = "arXiv",
      primaryClass   = "hep-ex",
      SLACcitation   = "%%CITATION = ARXIV:1201.5292;%%",
}

@article{track_reconstruction,
      author         = "Chatrchyan, Serguei and others",
      title          = "{Description and performance of track and primary-vertex
                        reconstruction with the CMS tracker}",
      collaboration  = "CMS",
      journal        = "JINST",
      number         = "10",
      volume         = "9",
      pages          = "P10009",
      doi            = "10.1088/1748-0221/9/10/P10009",
      year           = "2014",
      eprint         = "1405.6569",
      archivePrefix  = "arXiv",
      primaryClass   = "physics.ins-det",
      reportNumber   = "CMS-TRK-11-001, CERN-PH-EP-2014-070",
      SLACcitation   = "%%CITATION = ARXIV:1405.6569;%%",
}

@article{muon_reconstruction,
      author         = "Chatrchyan, Serguei and others",
      title          = "{Performance of CMS muon reconstruction in $pp$ collision
                        events at $\sqrt{s}=7$ TeV}",
      collaboration  = "CMS",
      journal        = "JINST",
      volume         = "7",
      pages          = "P10002",
      doi            = "10.1088/1748-0221/7/10/P10002",
      year           = "2012",
      eprint         = "1206.4071",
      archivePrefix  = "arXiv",
      primaryClass   = "physics.ins-det",
      reportNumber   = "CMS-MUO-10-004, CERN-PH-EP-2012-173",
      SLACcitation   = "%%CITATION = ARXIV:1206.4071;%%",
}

@article{kalman_filter,
      author         = "Fruhwirth, R.",
      title          = "{Application of Kalman filtering to track and vertex
                        fitting}",
      journal        = "Nucl.Instrum.Meth.",
      volume         = "A262",
      pages          = "444-450",
      doi            = "10.1016/0168-9002(87)90887-4",
      year           = "1987",
      reportNumber   = "HEPHY-PUB-87-503",
      SLACcitation   = "%%CITATION = NUIMA,A262,444;%%",
}

@article{photon_reconstruction,
      author         = "Khachatryan, Vardan and others",
      title          = "{Performance of photon reconstruction and identification
                        with the CMS detector in proton-proton collisions at
                        $\sqrt{s}$ = 8 TeV}",
      collaboration  = "CMS",
      year           = "2015",
      eprint         = "1502.02702",
      archivePrefix  = "arXiv",
      primaryClass   = "physics.ins-det",
      reportNumber   = "CMS-EGM-14-001, CERN-PH-EP-2015-006",
      SLACcitation   = "%%CITATION = ARXIV:1502.02702;%%",
}

@techreport{electron_reconstruction,
      title         = "{Electron reconstruction and identification at sqrt(s) = 7
                       TeV}",
      institution   = "CERN",
      collaboration = "CMS Collaboration",
      address       = "Geneva",
      number        = "CMS-PAS-EGM-10-004",
      year          = "2010",
}

@techreport{electrons_GSF,
      author        = "Adam, Wolfgang and FrÃ¼hwirth, R and Strandlie, Are and
                       Todor, T",
      title         = "{Reconstruction of Electrons with the Gaussian-Sum Filter
                       in the CMS Tracker at the LHC}",
      institution   = "CERN",
      address       = "Geneva",
      number        = "CMS-NOTE-2005-001",
      month         = "Jan",
      year          = "2005",
}

@techreport{particle_flow,
      title         = "{Particle-Flow Event Reconstruction in CMS and Performance
                       for Jets, Taus, and MET}",
      institution   = "CERN",
      collaboration = "CMS Collaboration",
      address       = "2009. Geneva",
      number        = "CMS-PAS-PFT-09-001",
      month         = "Apr",
      year          = "2009",
}

@article{Chatrchyan:2011ds,
      author         = "Chatrchyan, Serguei and others",
      title          = "{Determination of Jet Energy Calibration and Transverse
                        Momentum Resolution in CMS}",
      collaboration  = "CMS",
      journal        = "JINST",
      volume         = "6",
      pages          = "P11002",
      doi            = "10.1088/1748-0221/6/11/P11002",
      year           = "2011",
      eprint         = "1107.4277",
      archivePrefix  = "arXiv",
      primaryClass   = "physics.ins-det",
      reportNumber   = "CERN-PH-EP-2011-102, CMS-JME-10-011",
      SLACcitation   = "%%CITATION = ARXIV:1107.4277;%%",
}

@article{jet_res_2012,
	  author		 = "CMS Collaboration",
	  title			 = "Jet Transverse Momentum Resolution Measurement using Dijet Events",
	  collaboration	 = "CMS",
	  journal		 = "AN-13-416, work in progress",
	  year			 = 2013,
}

@article{Chatrchyan:2012jua,
      author         = "Chatrchyan, Serguei and others",
      title          = "{Identification of b-quark jets with the CMS experiment}",
      collaboration  = "CMS",
      journal        = "JINST",
      volume         = "8",
      pages          = "P04013",
      doi            = "10.1088/1748-0221/8/04/P04013",
      year           = "2013",
      eprint         = "1211.4462",
      archivePrefix  = "arXiv",
      primaryClass   = "hep-ex",
      reportNumber   = "CMS-BTV-12-001, CERN-PH-EP-2012-262",
      SLACcitation   = "%%CITATION = ARXIV:1211.4462;%%",
}

@article{madgraph5,
      author         = "Alwall, J. and Frederix, R. and Frixione, S. and Hirschi,
                        V. and Maltoni, F. and others",
      title          = "{The automated computation of tree-level and
                        next-to-leading order differential cross sections, and
                        their matching to parton shower simulations}",
      journal        = "JHEP",
      volume         = "1407",
      pages          = "079",
      doi            = "10.1007/JHEP07(2014)079",
      year           = "2014",
      eprint         = "1405.0301",
      archivePrefix  = "arXiv",
      primaryClass   = "hep-ph",
      reportNumber   = "CERN-PH-TH-2014-064, CP3-14-18, LPN14-066, MCNET-14-09,
                        ZU-TH-14-14",
      SLACcitation   = "%%CITATION = ARXIV:1405.0301;%%",
}

@article{pythia8,
      author         = "Sjostrand, Torbjorn and Mrenna, Stephen and Skands, Peter
                        Z.",
      title          = "{A Brief Introduction to PYTHIA 8.1}",
      journal        = "Comput.Phys.Commun.",
      volume         = "178",
      pages          = "852-867",
      doi            = "10.1016/j.cpc.2008.01.036",
      year           = "2008",
      eprint         = "0710.3820",
      archivePrefix  = "arXiv",
      primaryClass   = "hep-ph",
      reportNumber   = "CERN-LCGAPP-2007-04, LU-TP-07-28,
                        FERMILAB-PUB-07-512-CD-T",
      SLACcitation   = "%%CITATION = ARXIV:0710.3820;%%",
}

@article{powheg_Nason,
      author         = "Nason, Paolo",
      title          = "{A New method for combining NLO QCD with shower Monte
                        Carlo algorithms}",
      journal        = "JHEP",
      volume         = "0411",
      pages          = "040",
      doi            = "10.1088/1126-6708/2004/11/040",
      year           = "2004",
      eprint         = "hep-ph/0409146",
      archivePrefix  = "arXiv",
      primaryClass   = "hep-ph",
      reportNumber   = "BICOCCA-FT-04-11",
      SLACcitation   = "%%CITATION = HEP-PH/0409146;%%",
}

@article{powheg_Frixione,
      author         = "Frixione, Stefano and Nason, Paolo and Oleari, Carlo",
      title          = "{Matching NLO QCD computations with Parton Shower
                        simulations: the POWHEG method}",
      journal        = "JHEP",
      volume         = "0711",
      pages          = "070",
      doi            = "10.1088/1126-6708/2007/11/070",
      year           = "2007",
      eprint         = "0709.2092",
      archivePrefix  = "arXiv",
      primaryClass   = "hep-ph",
      reportNumber   = "BICOCCA-FT-07-9, GEF-TH-21-2007",
      SLACcitation   = "%%CITATION = ARXIV:0709.2092;%%",
}

@article{powheg_Alioli,
      author         = "Alioli, Simone and Nason, Paolo and Oleari, Carlo and Re,
                        Emanuele",
      title          = "{A general framework for implementing NLO calculations in
                        shower Monte Carlo programs: the POWHEG BOX}",
      journal        = "JHEP",
      volume         = "1006",
      pages          = "043",
      doi            = "10.1007/JHEP06(2010)043",
      year           = "2010",
      eprint         = "1002.2581",
      archivePrefix  = "arXiv",
      primaryClass   = "hep-ph",
      reportNumber   = "DESY-10-018, SFB-CPP-10-22, IPPP-10-11, DCPT-10-22",
      SLACcitation   = "%%CITATION = ARXIV:1002.2581;%%",
}

@article{herwig,
      author         = "Gigg, Martyn and Richardson, Peter",
      title          = "{Herwig++}",
      year           = "2007",
      eprint         = "0706.2921",
      archivePrefix  = "arXiv",
      primaryClass   = "hep-ph",
      url 			 = "http://arxiv.org/abs/0706.2921",
      SLACcitation   = "%%CITATION = ARXIV:0706.2921;%%",
}

@article{mcatnlo_Frixione1,
      author         = "Frixione, Stefano and Nason, Paolo and Oleari, Carlo",
      title          = "{Matching NLO QCD computations with Parton Shower
                        simulations: the POWHEG method}",
      journal        = "JHEP",
      volume         = "0711",
      pages          = "070",
      doi            = "10.1088/1126-6708/2007/11/070",
      year           = "2007",
      eprint         = "0709.2092",
      archivePrefix  = "arXiv",
      primaryClass   = "hep-ph",
      reportNumber   = "BICOCCA-FT-07-9, GEF-TH-21-2007",
      SLACcitation   = "%%CITATION = ARXIV:0709.2092;%%",
}

@article{mcatnlo_Frixione2,
      author         = "Frixione, Stefano and Nason, Paolo and Webber, Bryan R.",
      title          = "{Matching NLO QCD and parton showers in heavy flavor
                        production}",
      journal        = "JHEP",
      volume         = "0308",
      pages          = "007",
      doi            = "10.1088/1126-6708/2003/08/007",
      year           = "2003",
      eprint         = "hep-ph/0305252",
      archivePrefix  = "arXiv",
      primaryClass   = "hep-ph",
      reportNumber   = "BICOCCA-FT-03-11, CAVENDISH-HEP-03-03, CERN-TH-2003-102,
                        GEF-TH-5-2003",
      SLACcitation   = "%%CITATION = HEP-PH/0305252;%%",
}

@article{Cacciari:2008gp,
      author         = "Cacciari, Matteo and Salam, Gavin P. and Soyez, Gregory",
      title          = "{The Anti-k(t) jet clustering algorithm}",
      journal        = "JHEP",
      volume         = "0804",
      pages          = "063",
      doi            = "10.1088/1126-6708/2008/04/063",
      year           = "2008",
      eprint         = "0802.1189",
      archivePrefix  = "arXiv",
      primaryClass   = "hep-ph",
      reportNumber   = "LPTHE-07-03",
      SLACcitation   = "%%CITATION = ARXIV:0802.1189;%%",
}

@article{CMS:2013gfa,
      author         = "CMS Collaboration",
      title          = "{CMS Luminosity Based on Pixel Cluster Counting - Summer
                        2013 Update}",
      collaboration  = "CMS",
      year           = "2013",
      reportNumber   = "CMS-PAS-LUM-13-001",
      SLACcitation   = "%%CITATION = CMS-PAS-LUM-13-001 ETC.;%%",
}

@article{CMS:2012eui,
      author         = "CMS Collaboration",
      title          = "{Absolute Calibration of the Luminosity Measurement at
                        CMS: Winter 2012 Update}",
      collaboration  = "CMS",
      year           = "2012",
      reportNumber   = "CMS-PAS-SMP-12-008",
      SLACcitation   = "%%CITATION = CMS-PAS-SMP-12-008 ETC.;%%",
}

@article{Chatrchyan:2012gwa,
      author         = "Chatrchyan, Serguei and others",
      title          = "{Measurement of the inclusive production cross sections
                        for forward jets and for dijet events with one forward and
                        one central jet in $pp$ collisions at $\sqrt{s}=7$ TeV}",
      collaboration  = "CMS",
      journal        = "JHEP",
      volume         = "1206",
      pages          = "036",
      doi            = "10.1007/JHEP06(2012)036",
      year           = "2012",
      eprint         = "1202.0704",
      archivePrefix  = "arXiv",
      primaryClass   = "hep-ex",
      reportNumber   = "CMS-FWD-11-002, CERN-PH-EP-2011-179",
      SLACcitation   = "%%CITATION = ARXIV:1202.0704;%%",
}

@article{Antchev:2011vs,
      author         = "Antchev, G. and Aspell, P. and Atanassov, I. and Avati,
                        V. and Baechler, J. and others",
      title          = "{First measurement of the total proton-proton cross
                        section at the LHC energy of $\sqrt{s}$ =7 TeV}",
      journal        = "Europhys.Lett.",
      volume         = "96",
      pages          = "21002",
      doi            = "10.1209/0295-5075/96/21002",
      year           = "2011",
      eprint         = "1110.1395",
      archivePrefix  = "arXiv",
      primaryClass   = "hep-ex",
      reportNumber   = "CERN-PH-EP-2011-158",
      SLACcitation   = "%%CITATION = ARXIV:1110.1395;%%",
}

@techreport{CMS-PAS-SMP-13-013,
      title         = "{Measurement of Z production as a function of pT, Y}",
      institution   = "CERN",
      collaboration = "CMS Collaboration",
      address       = "Geneva",
      number        = "CMS-PAS-SMP-13-013",
      year          = "2014",
      reportNumber  = "CMS-PAS-SMP-13-013",
      url           = "https://cds.cern.ch/record/1700115",
}

@article{Adye:2011gm,
      author         = "Adye, Tim",
      title          = "{Unfolding algorithms and tests using RooUnfold}",
      pages          = "313-318",
      year           = "2011",
      eprint         = "1105.1160",
      archivePrefix  = "arXiv",
      primaryClass   = "physics.data-an",
      SLACcitation   = "%%CITATION = ARXIV:1105.1160;%%",
}

@article{Hocker:1995kb,
      author         = "Hocker, Andreas and Kartvelishvili, Vakhtang",
      title          = "{SVD approach to data unfolding}",
      journal        = "Nucl.Instrum.Meth.",
      volume         = "A372",
      pages          = "469-481",
      doi            = "10.1016/0168-9002(95)01478-0",
      year           = "1996",
      eprint         = "hep-ph/9509307",
      archivePrefix  = "arXiv",
      primaryClass   = "hep-ph",
      reportNumber   = "M-C-TH-95-15, LAL-95-55",
      SLACcitation   = "%%CITATION = HEP-PH/9509307;%%",
}

@article{Chatrchyan:2012saa,
      author         = "Chatrchyan, Serguei and others",
      title          = "{Measurement of differential top-quark pair production
                        cross sections in $pp$ colisions at $\sqrt{s}=7$ TeV}",
      collaboration  = "CMS",
      journal        = "Eur.Phys.J.",
      number         = "3",
      volume         = "C73",
      pages          = "2339",
      doi            = "10.1140/epjc/s10052-013-2339-4",
      year           = "2013",
      eprint         = "1211.2220",
      archivePrefix  = "arXiv",
      primaryClass   = "hep-ex",
      reportNumber   = "CMS-TOP-11-013, CERN-PH-EP-2012-322",
      SLACcitation   = "%%CITATION = ARXIV:1211.2220;%%",
}

@article{Abe:1995hr,
      author         = "Abe, F. and others",
      title          = "{Observation of top quark production in $\bar{p}p$
                        collisions}",
      collaboration  = "CDF",
      journal        = "Phys.Rev.Lett.",
      volume         = "74",
      pages          = "2626-2631",
      doi            = "10.1103/PhysRevLett.74.2626",
      year           = "1995",
      eprint         = "hep-ex/9503002",
      archivePrefix  = "arXiv",
      primaryClass   = "hep-ex",
      reportNumber   = "FERMILAB-PUB-95-022-E, CDF-PUB-TOP-PUBLIC-3040,
                        ANL-HEP-PR-95-44",
      SLACcitation   = "%%CITATION = HEP-EX/9503002;%%",
}

@article{Abachi:1995iq,
      author         = "Abachi, S. and others",
      title          = "{Observation of the top quark}",
      collaboration  = "D0",
      journal        = "Phys.Rev.Lett.",
      volume         = "74",
      pages          = "2632-2637",
      doi            = "10.1103/PhysRevLett.74.2632",
      year           = "1995",
      eprint         = "hep-ex/9503003",
      archivePrefix  = "arXiv",
      primaryClass   = "hep-ex",
      reportNumber   = "FERMILAB-PUB-95-028-E",
      SLACcitation   = "%%CITATION = HEP-EX/9503003;%%",
}

@article{Agashe:2014kda,
      author         = "Olive, K.A. and others",
      title          = "{Review of Particle Physics}",
      collaboration  = "Particle Data Group",
      journal        = "Chin.Phys.",
      volume         = "C38",
      pages          = "090001",
      doi            = "10.1088/1674-1137/38/9/090001",
      year           = "2014",
      SLACcitation   = "%%CITATION = CHPHD,C38,090001;%%",
}

@Article{mlm,
     author    = "Hoche, S. and others",
     journal   = "hep-ph/0602031",
     title = {Matching Parton Showers and Matrix Elements},
     year = 2006
}

@article{mcatnlo1,
  author={Stefano Frixione and Bryan R. Webber},
  title={Matching NLO QCD computations and parton shower simulations},
  journal={Journal of High Energy Physics},
  volume={2002},
  number={06},
  pages={029},
  url={http://stacks.iop.org/1126-6708/2002/i=06/a=029},
  year={2002},
  abstract={We propose a method for matching the next-to-leading order (NLO) calculation of a given QCD process with a parton shower Monte Carlo (MC) simulation. The method has the following features: fully exclusive events are generated, with hadronization according to the MC model; total exclusive rates are accurate to NLO; NLO results for distributions are recovered upon expansion in Î± s ; hard emissions are treated as in NLO computations while soft/collinear emissions are handled by the MC simulation, with the same logarithmic accuracy as the MC; and matching between the hard- and soft/collinear-emission regions is smooth. A fraction of events with negative weight is generated, but unweighting remains possible with reasonable efficiency. The method is clarified using a simple toy model, and illustrated by application to the hadroproduction of W + W â pairs.}
}

@article{mcatnlo2,
  author={Stefano Frixione and Paolo Nason and Bryan R. Webber},
  title={Matching NLO QCD and parton showers in heavy flavour production},
  journal={Journal of High Energy Physics},
  volume={2003},
  number={08},
  pages={007},
  url={http://stacks.iop.org/1126-6708/2003/i=08/a=007},
  year={2003},
  abstract={We apply the MC@NLO approach to the process of heavy flavour hadroproduction. MC@NLO is a method for matching next-to-leading order (NLO) QCD calculations and parton shower Monte Carlo (MC) simulations, with the following features: fully exclusive events are generated, with hadronisation according to the MC model; total rates are accurate to NLO; NLO results for distributions are recovered upon expansion in Î± S ; hard emissions are treated as in NLO computations while soft/collinear emissions are handled by the MC simulation, with the same logarithmic accuracy as the MC; matching between the hard and soft regions is smooth, and no intermediate integration steps are necessary. The method was applied previously to the hadroproduction of gauge boson pairs, which at NLO involves only initial-state QCD radiation and a unique colour structure. In heavy flavour production, it is necessary to include contributions from final-state QCD radiation and different colour flows. We present illustrative results on top and bottom production at the Tevatron and LHC.}
}

@article{Frixione:2007vw,
      author         = "Frixione, Stefano and Nason, Paolo and Oleari, Carlo",
      title          = "{Matching NLO QCD computations with Parton Shower
                        simulations: the POWHEG method}",
      journal        = "JHEP",
      volume         = "0711",
      pages          = "070",
      doi            = "10.1088/1126-6708/2007/11/070",
      year           = "2007",
      eprint         = "0709.2092",
      archivePrefix  = "arXiv",
      primaryClass   = "hep-ph",
      reportNumber   = "BICOCCA-FT-07-9, GEF-TH-21-2007",
      SLACcitation   = "%%CITATION = ARXIV:0709.2092;%%",
}

@article{Nason:2004rx,
      author         = "Nason, Paolo",
      title          = "{A New method for combining NLO QCD with shower Monte
                        Carlo algorithms}",
      journal        = "JHEP",
      volume         = "0411",
      pages          = "040",
      doi            = "10.1088/1126-6708/2004/11/040",
      year           = "2004",
      eprint         = "hep-ph/0409146",
      archivePrefix  = "arXiv",
      primaryClass   = "hep-ph",
      reportNumber   = "BICOCCA-FT-04-11",
      SLACcitation   = "%%CITATION = HEP-PH/0409146;%%",
}

@article{Alioli:2010xd,
      author         = "Alioli, Simone and Nason, Paolo and Oleari, Carlo and Re,
                        Emanuele",
      title          = "{A general framework for implementing NLO calculations in
                        shower Monte Carlo programs: the POWHEG BOX}",
      journal        = "JHEP",
      volume         = "1006",
      pages          = "043",
      doi            = "10.1007/JHEP06(2010)043",
      year           = "2010",
      eprint         = "1002.2581",
      archivePrefix  = "arXiv",
      primaryClass   = "hep-ph",
      reportNumber   = "DESY-10-018, SFB-CPP-10-22, IPPP-10-11, DCPT-10-22",
      SLACcitation   = "%%CITATION = ARXIV:1002.2581;%%",
}

@book{Griffiths:1987tj,
  added-at = {2009-01-13T13:43:30.000+0100},
  address = {New York, USA},
  author = {Griffiths, D.},
  biburl = {http://www.bibsonomy.org/bibtex/2509ff0ea0f41015ae30ad4cb355c48dc/clange},
  interhash = {ae339ead043b5bfc0c739933e7418412},
  intrahash = {509ff0ea0f41015ae30ad4cb355c48dc},
  keywords = {textbook},
  publisher = {John Wiley \& Sons},
  timestamp = {2012-04-23T15:13:59.000+0200},
  title = {Introduction to Elementary Particles},
  year = 1987
}

@book{Rolnick_Fundamental_Particles,
    author    = "William B. Rolnick",
    title     = {{``The Fundamental Particles and Their Interactions''}},
    year      = "1993",
    publisher = "Addison Wesley",
}

@article {Dirac610,
	author = {Dirac, P. A. M.},
	title = {The Quantum Theory of the Electron},
	volume = {117},
	number = {778},
	pages = {610--624},
	year = {1928},
	doi = {10.1098/rspa.1928.0023},
	publisher = {The Royal Society},
	issn = {0950-1207},
	journal = {Proceedings of the Royal Society of London A: Mathematical, Physical and Engineering Sciences}
}

@article{Chatrchyan:2012xdj,
      author         = "Chatrchyan, Serguei and others",
      title          = "{Observation of a new boson at a mass of 125 GeV with the
                        CMS experiment at the LHC}",
      collaboration  = "CMS",
      journal        = "Phys. Lett.",
      volume         = "B716",
      year           = "2012",
      pages          = "30-61",
      doi            = "10.1016/j.physletb.2012.08.021",
      eprint         = "1207.7235",
      archivePrefix  = "arXiv",
      primaryClass   = "hep-ex",
      reportNumber   = "CMS-HIG-12-028, CERN-PH-EP-2012-220",
      SLACcitation   = "%%CITATION = ARXIV:1207.7235;%%"
}

@article{Aad:2012tfa,
      author         = "Aad, Georges and others",
      title          = "{Observation of a new particle in the search for the
                        Standard Model Higgs boson with the ATLAS detector at the
                        LHC}",
      collaboration  = "ATLAS",
      journal        = "Phys. Lett.",
      volume         = "B716",
      year           = "2012",
      pages          = "1-29",
      doi            = "10.1016/j.physletb.2012.08.020",
      eprint         = "1207.7214",
      archivePrefix  = "arXiv",
      primaryClass   = "hep-ex",
      reportNumber   = "CERN-PH-EP-2012-218",
      SLACcitation   = "%%CITATION = ARXIV:1207.7214;%%"
}

@article{Aaij:2015tga,
      author         = "Aaij, Roel and others",
      title          = "{Observation of $J/\psi p$ resonances consistent with
                        pentaquark states in ${\Lambda\_b^0\to J/\psi K^-p}$
                        decays}",
      collaboration  = "LHCb",
      year           = "2015",
      eprint         = "1507.03414",
      archivePrefix  = "arXiv",
      primaryClass   = "hep-ex",
      reportNumber   = "CERN-PH-EP-2015-153, LHCB-PAPER-2015-029",
      SLACcitation   = "%%CITATION = ARXIV:1507.03414;%%"
}

@article{Kobayashi:1973fv,
      author         = "Kobayashi, Makoto and Maskawa, Toshihide",
      title          = "{CP Violation in the Renormalizable Theory of Weak
                        Interaction}",
      journal        = "Prog. Theor. Phys.",
      volume         = "49",
      year           = "1973",
      pages          = "652-657",
      doi            = "10.1143/PTP.49.652",
      reportNumber   = "KUNS-242",
      SLACcitation   = "%%CITATION = PTPKA,49,652;%%"
}

@article{Higgs:1964pj,
      author         = "Higgs, Peter W.",
      title          = "{Broken Symmetries and the Masses of Gauge Bosons}",
      journal        = "Phys. Rev. Lett.",
      volume         = "13",
      year           = "1964",
      pages          = "508-509",
      doi            = "10.1103/PhysRevLett.13.508",
      SLACcitation   = "%%CITATION = PRLTA,13,508;%%"
}

@article{Moss:2015fma,
      author         = "Moss, Ian G.",
      title          = "{Higgs boson cosmology}",
      year           = "2015",
      eprint         = "1507.05760",
      archivePrefix  = "arXiv",
      primaryClass   = "hep-ph",
      SLACcitation   = "%%CITATION = ARXIV:1507.05760;%%"
}

@article{Aad:2015zhl,
      author         = "Aad, Georges and others",
      title          = "{Combined Measurement of the Higgs Boson Mass in $pp$
                        Collisions at $\sqrt{s}=7$ and 8 TeV with the ATLAS and
                        CMS Experiments}",
      collaboration  = "ATLAS, CMS",
      journal        = "Phys. Rev. Lett.",
      volume         = "114",
      year           = "2015",
      pages          = "191803",
      doi            = "10.1103/PhysRevLett.114.191803",
      eprint         = "1503.07589",
      archivePrefix  = "arXiv",
      primaryClass   = "hep-ex",
      reportNumber   = "ATLAS-HIGG-2014-14, CMS-HIG-14-042, CERN-PH-EP-2015-075",
      SLACcitation   = "%%CITATION = ARXIV:1503.07589;%%"
}

@article{Kajita:1998bw,
      author         = "Kajita, Takaaki",
      title          = "{Atmospheric neutrino results from Super-Kamiokande and
                        Kamiokande: Evidence for neutrino(mu) oscillations}",
      booktitle      = "{Proceedings, International Conference on Neutrino
                        physics and astrophysics (Neutrino'98)}",
      collaboration  = "Kamiokande, Super-Kamiokande",
      journal        = "Nucl. Phys. Proc. Suppl.",
      volume         = "77",
      year           = "1999",
      pages          = "123-132",
      doi            = "10.1016/S0920-5632(99)00407-7",
      eprint         = "hep-ex/9810001",
      archivePrefix  = "arXiv",
      primaryClass   = "hep-ex",
      reportNumber   = "ICRR-REPORT-431-98-27",
      SLACcitation   = "%%CITATION = HEP-EX/9810001;%%"
}
@article{Fukuda:1998mi,
      author         = "Fukuda, Y. and others",
      title          = "{Evidence for oscillation of atmospheric neutrinos}",
      collaboration  = "Super-Kamiokande",
      journal        = "Phys. Rev. Lett.",
      volume         = "81",
      year           = "1998",
      pages          = "1562-1567",
      doi            = "10.1103/PhysRevLett.81.1562",
      eprint         = "hep-ex/9807003",
      archivePrefix  = "arXiv",
      primaryClass   = "hep-ex",
      reportNumber   = "BU-98-17, ICRR-REPORT-422-98-18, UCI-98-8,
                        KEK-PREPRINT-98-95, LSU-HEPA-5-98, UMD-98-003, SBHEP-98-5,
                        TKU-PAP-98-06, TIT-HPE-98-09",
      SLACcitation   = "%%CITATION = HEP-EX/9807003;%%"
}

@article{Ade:2013sjv,
      author         = "Ade, P.A.R. and others",
      title          = "{Planck 2013 results. I. Overview of products and
                        scientific results}",
      collaboration  = "Planck",
      journal        = "Astron.Astrophys.",
      volume         = "571",
      pages          = "A1",
      doi            = "10.1051/0004-6361/201321529",
      year           = "2014",
      eprint         = "1303.5062",
      archivePrefix  = "arXiv",
      primaryClass   = "astro-ph.CO",
      SLACcitation   = "%%CITATION = ARXIV:1303.5062;%%",
}

@article{Christenson:1964fg,
      author         = "Christenson, J. H. and Cronin, J. W. and Fitch, V. L. and
                        Turlay, R.",
      title          = "{Evidence for the 2 pi Decay of the k(2)0 Meson}",
      journal        = "Phys. Rev. Lett.",
      volume         = "13",
      year           = "1964",
      pages          = "138-140",
      doi            = "10.1103/PhysRevLett.13.138",
      SLACcitation   = "%%CITATION = PRLTA,13,138;%%"
}

@article{Mersi:2011jv,
      author         = "Mersi, Stefano",
      title          = "{CMS silicon tracker upgrade for HL-LHC}",
      collaboration  = "CMS",
      journal        = "Proceedings of Science",
      volume         = "RD11",
      pages          = "030",
      year           = "2011",
      SLACcitation   = "%%CITATION = POSCI,RD11,030;%%",
}

@mastersthesis{JacobJA,
      author	= "Jacob, J A",
      title		= "Investigation of the CMS Binary Chip for Strip Tracker readout in the CMS detector at the HL-LHC",
	  school	= "University of Bristol, Bristol",
	  year		= "2014",
	  type		= "Masters thesis",
}

@manual{JonesL,
	  author	= "jones, L.",
	  title		= "CMS Binary Chip User Guide 1.0, Science and technology Facilities Council",
	  month		= "January",
	  year		= "2012",
	  organisation = "STFC",
}

@article{Ferguson:2012cg,
      author         = "Ferguson, W. and Braga, D. and Fulcher, J. and Hall, G.
                        and Jacob, J. and Jones, L. and Pesaresi, M. and
                        Prydderch, M. and Raymond, M.",
      title          = "{The CBC microstrip readout chip for CMS at the high
                        luminosity LHC}",
      booktitle      = "{Proceedings, Workshop on Intelligent Trackers (WIT
                        2012)}",
      journal        = "JINST",
      volume         = "7",
      year           = "2012",
      pages          = "C08006",
      doi            = "10.1088/1748-0221/7/08/C08006",
      SLACcitation   = "%%CITATION = JINST,7,C08006;%%"
}

@article{Raymond:2012zz,
      author         = "Raymond, M. and Braga, D. and Ferguson, W. and Fulcher,
                        J. and Hall, G. and Jacob, J. and Jones, L. and Pesaresi,
                        M. and Prydderch, M.",
      title          = "{The CMS binary chip for microstrip tracker readout at
                        the SLHC}",
      booktitle      = "{Electronics for particle physics. Proceedings, Topical
                        Workshop, TWEPP-11, Vienna, Austria, September 26-30,
                        2011}",
      journal        = "JINST",
      volume         = "7",
      year           = "2012",
      pages          = "C01033",
      doi            = "10.1088/1748-0221/7/01/C01033",
      SLACcitation   = "%%CITATION = JINST,7,C01033;%%"
}

@inproceedings{Kaplon:2001jh,
      author         = "Kaplon, J. and others",
      title          = "{Progress in development of the analog read-out chip for
                        silicon strip detector modules for LHC experiments}",
      booktitle      = "{7th Workshop on electronics for LHC experiments,
                        Stockholm, Sweden, 10-14 Sep 2001: Proceedings}",
      year           = "2001",
      pages          = "90-94",
      SLACcitation   = "%%CITATION = INSPIRE-571068;%%"
}

@techreport{Klein:1628930,
      author        = "Klein, Katja",
      title         = "{Upgrade of the CMS Tracker}",
      institution   = "CERN",
      collaboration = "CMS Collaboration",
      address       = "Geneva",
      number        = "CMS-CR-2013-403",
      month         = "Nov",
      year          = "2013",
      reportNumber  = "CMS-CR-2013-403",
      url           = "http://cds.cern.ch/record/1628930",
}

@article{Abbaneo:1452189,
      author        = "Abbaneo, D",
      title         = "{Upgrade of the CMS tracker with tracking trigger}",
      journal       = "J. Instrum.",
      collaboration = "On behalf of the CMS Collaboration",
      volume        = "6",
      pages         = "C12065. 10 p",
      year          = "2011",
      url           = "https://cds.cern.ch/record/1452189",
}

@techreport{CMS-PAS-BTV-09-001,
      title         = "{Algorithms for b Jet identification in CMS}",
      institution   = "CERN",
      collaboration = "CMS Collaboration",
      address       = "2009. Geneva",
      number        = "CMS-PAS-BTV-09-001",
      month         = "Jul",
      year          = "2009",
      reportNumber  = "CMS-PAS-BTV-09-001",
      url           = "https://cds.cern.ch/record/1194494",
}

@techreport{CMS-AN-2005-041,
      title         = "{Track impact parameter based b-tagging with CMS}",
      institution   = "CERN",
      collaboration = "CMS Collaboration",
      address       = "2005. Geneva",
      number        = "CMS-AN-2005-041",
      month         = "Nov",
      year          = "2005",
      reportNumber  = "CMS-AN-2005-041",
      url           = "http://cms.cern.ch/iCMS/jsp/openfile.jsp?tp=draft&files=AN2005_041_v2.pdf",
}

@techreport{CMS-AN-2009-085,
	  author		= "T.Speer et al.",
      title         = "{Algorithms for b jet identification in CMS}",
      institution   = "CERN",
      collaboration = "CMS Collaboration",
      address       = "2009. Geneva",
      number        = "CMS-AN-2009-085 ",
      month         = "Aug",
      year          = "2009",
      reportNumber  = "CMS-AN-2009-085 ",
      url           = "http://cms.cern.ch/iCMS/jsp/db_notes/noteInfo.jsp?cmsnoteid=CMS%20AN-2009/085",
}

@techreport{Speer:927395,
      author        = "Speer, Thomas and Prokofiev, Kirill and FrÃ¼hwirth, R and
                       Waltenberger, Wolfgang and Vanlaer, Pascal",
      title         = "{Vertex Fitting in the CMS Tracker}",
      institution   = "CERN",
      address       = "Geneva",
      number        = "CMS-NOTE-2006-032",
      month         = "Feb",
      year          = "2006",
      reportNumber  = "CMS-NOTE-2006-032",
      url           = "https://cds.cern.ch/record/927395",
}
  	
@article{0954-3899-34-12-N01,
  author={Wolfgang Waltenberger and Rudolf FrâÂºhwirth and Pascal Vanlaer},
  title={Adaptive vertex fitting},
  journal={Journal of Physics G: Nuclear and Particle Physics},
  volume={34},
  number={12},
  pages={N343},
  url={http://stacks.iop.org/0954-3899/34/i=12/a=N01},
  year={2007},
  abstract={Vertex fitting frequently has to deal with both mis-associated tracks and mis-measured track errors. A robust, adaptive method is presented that is able to cope with contaminated data. The method is formulated as an iterative re-weighted Kalman filter. Annealing is introduced to avoid local minima in the optimization. For the initialization of the adaptive filter a robust algorithm is presented that turns out to perform well in a wide range of applications. The tuning of the annealing schedule and of the cut-off parameter is described using simulated data from the CMS experiment. Finally, the adaptive property of the method is illustrated in two examples.}
}	

@article{PhysRev.49.519,
  title = {Capture of Slow Neutrons},
  author = {Breit, G. and Wigner, E.},
  journal = {Phys. Rev.},
  volume = {49},
  issue = {7},
  pages = {519--531},
  numpages = {0},
  year = {1936},
  month = {Apr},
  publisher = {American Physical Society},
  doi = {10.1103/PhysRev.49.519},
  url = {http://link.aps.org/doi/10.1103/PhysRev.49.519}
}

@phdthesis{Oreglia,
      author	= "Oreglia, M",
      title		= "A Study of the Reactions $\psi^{'}\rightarrow\gamma\gamma\psi$",
	  school	= "Stanford Linear Accelerator Center (SLAC), Stanford, California, U.S.A.",
	  year		= "December 1980",
}

@phdthesis{Gaiser,
      author	= "Gaiser, J E",
      title		= "Charmonium Spectroscopy from Radiative Decays of the J/$\psi$ and $\psi^{'}$",
	  school	= "Stanford Linear Accelerator Center (SLAC), Stanford, California, U.S.A.",
	  year		= "August 1982"
}

@phdthesis{Skwarnicki,
      author	= "Skwarnicki, T",
      title		= "A Study of the Radiative Cascade Transitions between the Upsilon-Prime and Upsilon Resonances",
	  school	= "Deutsches Elektronen-Synchrotron (DESY), Hamburg, Germany",
	  year		= "April 1986",
}

@article{CMS:2011aa,
      author         = "Chatrchyan, Serguei and others",
      title          = "{Measurement of the Inclusive $W$ and $Z$ Production
                        Cross Sections in $pp$ Collisions at $\sqrt{s}=7$ TeV}",
      collaboration  = "CMS",
      journal        = "JHEP",
      volume         = "10",
      year           = "2011",
      pages          = "132",
      doi            = "10.1007/JHEP10(2011)132",
      eprint         = "1107.4789",
      archivePrefix  = "arXiv",
      primaryClass   = "hep-ex",
      reportNumber   = "CERN-PH-EP-2011-107, CMS-EWK-10-005",
      SLACcitation   = "%%CITATION = ARXIV:1107.4789;%%"
}

@techreport{CMS-PAS-BTV-13-001,
      title         = "{Performance of b tagging at sqrt(s)=8 TeV in multijet,
                       ttbar and boosted topology events}",
      institution   = "CERN",
      collaboration = "CMS Collaboration",
      address       = "Geneva",
      number        = "CMS-PAS-BTV-13-001",
      year          = "2013",
      reportNumber  = "CMS-PAS-BTV-13-001",
      url           = "http://cds.cern.ch/record/1581306",
}

@online{d0_fnal,
  author = {D{\O} Collaboration},
  title = {B Jet Identification},
  url = {http://www-d0.fnal.gov/Run2Physics/top/singletop_observation/b_tagging_graphic.png},
  urldate = {2015-09-25}
}

@article{1742-6596-219-3-032009,
  author={V M Ghete and Cms Collaboration},
  title={The CMS L1 Trigger emulation software},
  journal={Journal of Physics: Conference Series},
  volume={219},
  number={3},
  pages={032009},
  url={http://stacks.iop.org/1742-6596/219/i=3/a=032009},
  year={2010},
  abstract={The CMS L1 Trigger processes the muon and calorimeter detector data using a complex system of custom hardware processors. A bit-level emulation of the trigger data processing has been developed. This is used to validate and monitor the trigger hardware, to simulate the trigger response in monte-carlo data, and for some components, to seed higher-level triggers. The multiple-use cases are managed using a modular design, implemented within the modular CMS offline software framework. The requirements, design and performance of the emulators are described, as well as the iterative process required to bring the emulators and hardware into agreement.}
}

@book{Cittolin:578006,
      author        = "Cittolin, Sergio and RÃ¡cz, Attila and Sphicas, Paris",
      title         = "{CMS The TriDAS Project: Technical Design Report, Volume
                       2: Data Acquisition and High-Level Trigger. CMS trigger and
                       data-acquisition project}",
      publisher     = "CERN",
      collaboration = "CMS Collaboration",
      address       = "Geneva",
      series        = "Technical Design Report CMS",
      year          = "2002",
      url           = "https://cds.cern.ch/record/578006",
}

@online{cmssw,
  author = {CMS Collaboration},
  title = {CMSSW framework},
  url = {http://cms-sw.github.io/index.html},
  urlyear = {2015}
}

@article{ROOT,
  title = {\href{http://www.sciencedirect.com/science/article/pii/S016890029700048X}{ROOT -- An object oriented data analysis framework}},
  journal = "Nuclear Instruments and Methods in Physics Research Section A: Accelerators, Spectrometers, Detectors and Associated Equipment ",
  volume = "389",
  number = "1-2",
  pages = "81--86",
  year = "1997",
  note = "New Computing Techniques in Physics Research V",
  issn = "0168-9002",
  doi = "10.1016/S0168-9002(97)00048-X",
  author = "Rene Brun and Fons Rademakers"
}

@misc{NTT_LukeKreczko_SergeySenkin_JesonJacob_EmyrClement_2015,
	title={NTupleProduction: NTupleProduction version for TOP-12-042 paper},
	url={http://dx.doi.org/10.5281/zenodo.17795},
	DOI={10.5281/zenodo.17795},
	publisher={Zenodo},
	author={Luke Kreczko and Sergey Senkin and Jeson Jacob and EmyrClement},
	year={2015}
}

@misc{BAT_LukeKreczko_JesonJacob_SergeySenkin_EmyrClement_2015,
	title={AnalysisSoftware: AnalysisSoftware version for TOP-12-042 paper},
	url={http://dx.doi.org/10.5281/zenodo.17801},
	DOI={10.5281/zenodo.17801},
	publisher={Zenodo},
	author={Luke Kreczko and Jeson Jacob and Sergey Senkin and EmyrClement},
	year={2015}
}

@misc{DPS_LukeKreczko_SergeySenkin_JesonJacob_EmyrClement_2015,
	title={DailyPythonScripts: DailyPythonScript version for TOP-12-042 paper},
	url={http://dx.doi.org/10.5281/zenodo.17828},
	DOI={10.5281/zenodo.17828},
	publisher={Zenodo},
	author={Luke Kreczko and Sergey Senkin and Jeson Jacob and EmyrClement},
	year={2015}
}

@online{TOPLHC_WG,
  author = {TOPLHC Working Group},
  title = {TOPLHC WG Summary Plots },
  url = {https://twiki.cern.ch/twiki/bin/view/LHCPhysics/TopLHCWGSummaryPlots},
  urlyear = {2015}
}

@article{Agostinelli:2002hh,
      author         = "Agostinelli, S. and others",
      title          = "{GEANT4: A Simulation toolkit}",
      collaboration  = "GEANT4",
      journal        = "Nucl. Instrum. Meth.",
      volume         = "A506",
      year           = "2003",
      pages          = "250-303",
      doi            = "10.1016/S0168-9002(03)01368-8",
      reportNumber   = "SLAC-PUB-9350, FERMILAB-PUB-03-339",
      SLACcitation   = "%%CITATION = NUIMA,A506,250;%%"
}

@article{Allison:2006ve,
      author         = "Allison, John and others",
      title          = "{Geant4 developments and applications}",
      journal        = "IEEE Trans. Nucl. Sci.",
      volume         = "53",
      year           = "2006",
      pages          = "270",
      doi            = "10.1109/TNS.2006.869826",
      reportNumber   = "SLAC-PUB-11870",
      SLACcitation   = "%%CITATION = IETNA,53,270;%%"
}

@article{ArkaniHamed:1998rs,
      author         = "Arkani-Hamed, Nima and Dimopoulos, Savas and Dvali, G.
                        R.",
      title          = "{The Hierarchy problem and new dimensions at a
                        millimeter}",
      journal        = "Phys. Lett.",
      volume         = "B429",
      year           = "1998",
      pages          = "263-272",
      doi            = "10.1016/S0370-2693(98)00466-3",
      eprint         = "hep-ph/9803315",
      archivePrefix  = "arXiv",
      primaryClass   = "hep-ph",
      reportNumber   = "SLAC-PUB-7769, SU-ITP-98-13",
      SLACcitation   = "%%CITATION = HEP-PH/9803315;%%"
}

@ARTICLE{1990PhRvD..41.1647B,
   author = {{Bardeen}, W.~A. and {Hill}, C.~T. and {Lindner}, M.},
    title = "{Minimal dynamical symmetry breaking of the standard model}",
  journal = {Physical Review D},
     year = 1990,
    month = mar,
   volume = 41,
    pages = {1647-1660},
      doi = {10.1103/PhysRevD.41.1647},
   adsurl = {http://adsabs.harvard.edu/abs/1990PhRvD..41.1647B},
  adsnote = {Provided by the SAO/NASA Astrophysics Data System}
}

@ARTICLE{1991PhLB..266..419H,
   author = {{Hill}, C.~T.},
    title = "{Topcolor: top quark condensation in a gauge extension of the standard model}",
  journal = {Physics Letters B},
     year = 1991,
    month = aug,
   volume = 266,
    pages = {419-424},
      doi = {10.1016/0370-2693(91)91061-Y},
   adsurl = {http://adsabs.harvard.edu/abs/1991PhLB..266..419H},
  adsnote = {Provided by the SAO/NASA Astrophysics Data System}
}

@inproceedings{Placakyte:2011az,
      author         = "Placakyte, Ringaile",
      title          = "{Parton Distribution Functions}",
      booktitle      = "{Proceedings, 31st International Conference on Physics in
                        collisions (PIC 2011)}",
      url            = "https://inspirehep.net/record/954990/files/arXiv:1111.5452.pdf",
      year           = "2011",
      eprint         = "1111.5452",
      archivePrefix  = "arXiv",
      primaryClass   = "hep-ph",
      SLACcitation   = "%%CITATION = ARXIV:1111.5452;%%"
}

@article{Khachatryan:2014jba,
      author         = "Khachatryan, Vardan and others",
      title          = "{Precise determination of the mass of the Higgs boson and
                        tests of compatibility of its couplings with the standard
                        model predictions using proton collisions at 7 and 8
                        $\,\text {TeV}$}",
      collaboration  = "CMS",
      journal        = "Eur. Phys. J.",
      volume         = "C75",
      year           = "2015",
      number         = "5",
      pages          = "212",
      doi            = "10.1140/epjc/s10052-015-3351-7",
      eprint         = "1412.8662",
      archivePrefix  = "arXiv",
      primaryClass   = "hep-ex",
      reportNumber   = "CMS-HIG-14-009, CERN-PH-EP-2014-288",
      SLACcitation   = "%%CITATION = ARXIV:1412.8662;%%"
}

@techreport{CMS-PAS-TRK-10-005,
      title         = "{Tracking and Primary Vertex Results in First 7 TeV
                       Collisions}",
      institution   = "CERN",
      collaboration = "CMS Collaboration",
      address       = "2010. Geneva",
      number        = "CMS-PAS-TRK-10-005",
      year          = "2010",
      reportNumber  = "CMS-PAS-TRK-10-005",
      url           = "https://cds.cern.ch/record/1279383",
}

@article{CMS:2010zta,
      title          = "{Electromagnetic calorimeter calibration with 7 TeV
                        data}",
      collaboration  = "CMS",
      year           = "2010",
      reportNumber   = "CMS-PAS-EGM-10-003",
      SLACcitation   = "%%CITATION = CMS-PAS-EGM-10-003;%%"
}

@article{PhysRevLett.110.252004,
  title = {Total Top-Quark Pair-Production Cross Section at Hadron Colliders Through $\mathcal{O}({\ensuremath{\alpha}}_{S}^{4})$},
  author = {Czakon, Micha\l{} and Fiedler, Paul and Mitov, Alexander},
  journal = {Phys. Rev. Lett.},
  volume = {110},
  issue = {25},
  pages = {252004},
  numpages = {6},
  year = {2013},
  month = {Jun},
  publisher = {American Physical Society},
  doi = {10.1103/PhysRevLett.110.252004},
  url = {http://link.aps.org/doi/10.1103/PhysRevLett.110.252004}
}

@article{Campbell:2009ss,
      author         = "Campbell, John M. and Frederix, Rikkert and Maltoni,
                        Fabio and Tramontano, Francesco",
      title          = "{Next-to-Leading-Order Predictions for t-Channel
                        Single-Top Production at Hadron Colliders}",
      journal        = "Phys. Rev. Lett.",
      volume         = "102",
      year           = "2009",
      pages          = "182003",
      doi            = "10.1103/PhysRevLett.102.182003",
      eprint         = "0903.0005",
      archivePrefix  = "arXiv",
      primaryClass   = "hep-ph",
      SLACcitation   = "%%CITATION = ARXIV:0903.0005;%%"
}

@article{Melnikov:2006kv,
      author         = "Melnikov, Kirill and Petriello, Frank",
      title          = "{Electroweak gauge boson production at hadron colliders
                        through O(alpha(s)**2)}",
      journal        = "Phys. Rev.",
      volume         = "D74",
      year           = "2006",
      pages          = "114017",
      doi            = "10.1103/PhysRevD.74.114017",
      eprint         = "hep-ph/0609070",
      archivePrefix  = "arXiv",
      primaryClass   = "hep-ph",
      reportNumber   = "UH-511-1092-06",
      SLACcitation   = "%%CITATION = HEP-PH/0609070;%%"
}
@article{Khachatryan:2015lha,
      author         = "Khachatryan, Vardan and others",
      title          = "{Measurement of transverse momentum relative to dijet
                        systems in PbPb and $pp$ collisions at $\sqrt{s_{NN}} =
                        2.76$ TeV}",
      collaboration  = "CMS",
      year           = "2015",
      eprint         = "1509.09029",
      archivePrefix  = "arXiv",
      primaryClass   = "nucl-ex",
      reportNumber   = "CMS-HIN-14-010, CERN-PH-EP-2015-260",
      SLACcitation   = "%%CITATION = ARXIV:1509.09029;%%"
}